% -------------------------------------------------------------
% CREEM 2021 - BIBFILE EXAMPLE
% -------------------------------------------------------------

@ARTICLE{BandarraFilho2011,
 AUTHOR =	{E P {Bandarra Filho} and J M S Jabardo},
 TITLE =	{Convective Boiling Performance of Refrigerant {R}-134a in Herringbone and Microfin Copper Tubes},
 JOURNAL =	{International Journal of Refrigeration},
 VOLUME =	{29},
 NUMBER =       {1},
 PAGES =	{81-91},
 YEAR =		{2011},
}

% -------------------------------------------------------------

@ARTICLE{CavaliniJunior2015,
 AUTHOR =	{A A {Cavalini Junior} and F A Lara-Molina  and T P Sales and E H Koroishi and V Steffen},
 TITLE =	{Uncertainty analysis of a flexible rotor supported by fluid film bearings},
 JOURNAL =	{Latin American Journal of Solids and Structures},
 VOLUME =	{12},
 PAGES =	{1487-1504},
 YEAR =		{2015},
}

% -------------------------------------------------------------

@PHDTHESIS{CavaliniJunior2013,
 AUTHOR =	{A A {Cavalini Junior}},
 TITLE =	{Detec\c{c}\~ao e identifica\c{c}\~ao de trincas transversais incipientes em eixos horizontais flex\'iveis de m\'aquinas rotativas},
 SCHOOL =	{Universidade Federal de Uberl\^andia},
 ADDRESS =	{Uberl\^andia, Brasil},
 YEAR =		{2013},
}

% -------------------------------------------------------------

@mastersthesis{coelho2017,
 AUTHOR =	{F R Coelho},
 TITLE =	{Gera\c{c}\~ao de novas correla\c{c}\~oes da soma-ponderada-de-gases-cinza para {H2O} e {CO2} em alta press\~ao},
 SCHOOL =	{Universidade Federal do Rio Grande do Sul},
 ADDRESS =	{Porto Alegre, Brasil},
 YEAR =		{2017},
}

% -------------------------------------------------------------

@MISC{MLA04,
 AUTHOR =	{MLA},
 TITLE =	{How do {I} document sources from the Web in my works-cited list?},
 HOWPUBLISHED =	{Modern Language Association. 22 Feb. 2007  <http://www.mla.org>},
 MONTH =	{Abril},
 YEAR =		{2004},	
}

% -------------------------------------------------------------

@BOOK{McConnell.Varoto.2008,
 AUTHOR =	{K G McConnell and P S Varoto},
 TITLE =	{Vibration Testing: Theory and Practice},
 PUBLISHER =	{John Wiley \& Sons},
 ADDRESS =	{New Jersey},
 EDITION = {2nd Edition},
 YEAR =		{2008},
}

% -------------------------------------------------------------

@INPROCEEDINGS{Santos2013a,
 AUTHOR =	{D D Santos and G M Furtado and S L Frey and M F Naccache and P R {de Souza Mendes}},
 TITLE =	{Flow of elasto-viscoplastic fluids inside a cavity},
 BOOKTITLE =	{Proceedings of the 22nd International Congress of Mechanical Engineering - COBEM 2013},
 YEAR =		{2013},
 ADDRESS =	{Ribeir\~ao Preto, Brazil},
}

% -------------------------------------------------------------

@INPROCEEDINGS{Santos2013b,
 AUTHOR =	{D D Santos and G M Furtado and S L Frey and M F Naccache and P R {de Souza Mendes}},
 TITLE =	{Numerical investigation of elastic and viscous effects on inertial viscoplastic fluid flows},
 BOOKTITLE =	{Proceedings of the 22nd International Congress of Mechanical Engineering - COBEM 2013},
 YEAR =		{2013},
 ADDRESS =	{Ribeir\~ao Preto, Brazil},
}

% -------------------------------------------------------------
